
@inproceedings{FF,
author = {Aldinucci, M. and Danelutto, M. and Kilpatrick, P. and Torquati, M.},
title = {Fastflow: High-Level and Efficient Streaming on Multicore},
booktitle = {Programming multi‐core and many‐core computing systems},
year = {2017},
  editor    = {S. Pllana and F. Xhafa},
    note={Available at \url{https://github.com/fastflow/fastflow}},
}
